%YAML 1.1
%TAG !u! tag:unity3d.com,2011:
--- !u!1 &1770604662430440
GameObject:
  m_ObjectHideFlags: 0
  m_CorrespondingSourceObject: {fileID: 0}
  m_PrefabInstance: {fileID: 0}
  m_PrefabAsset: {fileID: 0}
  serializedVersion: 6
  m_Component:
  - component: {fileID: 4485279859145692}
  - component: {fileID: 33572847135326580}
  - component: {fileID: 23673008071689600}
  m_Layer: 0
  m_Name: Flare
  m_TagString: Untagged
  m_Icon: {fileID: 0}
  m_NavMeshLayer: 0
  m_StaticEditorFlags: 0
  m_IsActive: 1
--- !u!4 &4485279859145692
Transform:
  m_ObjectHideFlags: 0
  m_CorrespondingSourceObject: {fileID: 0}
  m_PrefabInstance: {fileID: 0}
  m_PrefabAsset: {fileID: 0}
  m_GameObject: {fileID: 1770604662430440}
  m_LocalRotation: {x: -0, y: -0, z: -0, w: 1}
  m_LocalPosition: {x: 0, y: 0, z: 0}
  m_LocalScale: {x: 3.2259998, y: 3.2259998, z: 3.2259998}
  m_Children: []
  m_Father: {fileID: 4512168382975474}
  m_RootOrder: 0
  m_LocalEulerAnglesHint: {x: 0, y: 0, z: 0}
--- !u!33 &33572847135326580
MeshFilter:
  m_ObjectHideFlags: 0
  m_CorrespondingSourceObject: {fileID: 0}
  m_PrefabInstance: {fileID: 0}
  m_PrefabAsset: {fileID: 0}
  m_GameObject: {fileID: 1770604662430440}
  m_Mesh: {fileID: 10210, guid: 0000000000000000e000000000000000, type: 0}
--- !u!23 &23673008071689600
MeshRenderer:
  m_ObjectHideFlags: 0
  m_CorrespondingSourceObject: {fileID: 0}
  m_PrefabInstance: {fileID: 0}
  m_PrefabAsset: {fileID: 0}
  m_GameObject: {fileID: 1770604662430440}
  m_Enabled: 1
  m_CastShadows: 1
  m_ReceiveShadows: 1
  m_DynamicOccludee: 1
  m_MotionVectors: 1
  m_LightProbeUsage: 1
  m_ReflectionProbeUsage: 1
  m_RayTracingMode: 2
  m_RenderingLayerMask: 1
  m_RendererPriority: 0
  m_Materials:
  - {fileID: 0}
  m_StaticBatchInfo:
    firstSubMesh: 0
    subMeshCount: 0
  m_StaticBatchRoot: {fileID: 0}
  m_ProbeAnchor: {fileID: 0}
  m_LightProbeVolumeOverride: {fileID: 0}
  m_ScaleInLightmap: 1
  m_ReceiveGI: 1
  m_PreserveUVs: 1
  m_IgnoreNormalsForChartDetection: 0
  m_ImportantGI: 0
  m_StitchLightmapSeams: 0
  m_SelectedEditorRenderState: 3
  m_MinimumChartSize: 4
  m_AutoUVMaxDistance: 0.5
  m_AutoUVMaxAngle: 89
  m_LightmapParameters: {fileID: 0}
  m_SortingLayerID: 0
  m_SortingLayer: 0
  m_SortingOrder: 0
--- !u!1 &1889479306427850
GameObject:
  m_ObjectHideFlags: 0
  m_CorrespondingSourceObject: {fileID: 0}
  m_PrefabInstance: {fileID: 0}
  m_PrefabAsset: {fileID: 0}
  serializedVersion: 6
  m_Component:
  - component: {fileID: 4512168382975474}
  - component: {fileID: 33524298695458796}
  - component: {fileID: 23781013465253204}
  - component: {fileID: 114133171416984644}
  - component: {fileID: 5620895971432241658}
  m_Layer: 10
  m_Name: Projectile
  m_TagString: Untagged
  m_Icon: {fileID: 0}
  m_NavMeshLayer: 0
  m_StaticEditorFlags: 0
  m_IsActive: 1
--- !u!4 &4512168382975474
Transform:
  m_ObjectHideFlags: 0
  m_CorrespondingSourceObject: {fileID: 0}
  m_PrefabInstance: {fileID: 0}
  m_PrefabAsset: {fileID: 0}
  m_GameObject: {fileID: 1889479306427850}
  m_LocalRotation: {x: 0, y: 0, z: 0, w: 1}
  m_LocalPosition: {x: 0, y: 0, z: 4.11}
  m_LocalScale: {x: 1, y: 1, z: 1}
  m_Children:
  - {fileID: 4485279859145692}
  m_Father: {fileID: 0}
  m_RootOrder: 0
  m_LocalEulerAnglesHint: {x: 0, y: 0, z: 0}
--- !u!33 &33524298695458796
MeshFilter:
  m_ObjectHideFlags: 0
  m_CorrespondingSourceObject: {fileID: 0}
  m_PrefabInstance: {fileID: 0}
  m_PrefabAsset: {fileID: 0}
  m_GameObject: {fileID: 1889479306427850}
  m_Mesh: {fileID: 4300008, guid: bfaca6344bcc65646b40b1839fc382c7, type: 3}
--- !u!23 &23781013465253204
MeshRenderer:
  m_ObjectHideFlags: 0
  m_CorrespondingSourceObject: {fileID: 0}
  m_PrefabInstance: {fileID: 0}
  m_PrefabAsset: {fileID: 0}
  m_GameObject: {fileID: 1889479306427850}
  m_Enabled: 1
  m_CastShadows: 0
  m_ReceiveShadows: 0
  m_DynamicOccludee: 1
  m_MotionVectors: 1
  m_LightProbeUsage: 1
  m_ReflectionProbeUsage: 1
  m_RayTracingMode: 2
  m_RenderingLayerMask: 1
  m_RendererPriority: 0
  m_Materials:
  - {fileID: 2100000, guid: 77e10b5fb7b50994c921cae4af04f143, type: 2}
  m_StaticBatchInfo:
    firstSubMesh: 0
    subMeshCount: 0
  m_StaticBatchRoot: {fileID: 0}
  m_ProbeAnchor: {fileID: 0}
  m_LightProbeVolumeOverride: {fileID: 0}
  m_ScaleInLightmap: 1
  m_ReceiveGI: 1
  m_PreserveUVs: 1
  m_IgnoreNormalsForChartDetection: 0
  m_ImportantGI: 0
  m_StitchLightmapSeams: 0
  m_SelectedEditorRenderState: 3
  m_MinimumChartSize: 4
  m_AutoUVMaxDistance: 0.5
  m_AutoUVMaxAngle: 89
  m_LightmapParameters: {fileID: 0}
  m_SortingLayerID: 0
  m_SortingLayer: 0
  m_SortingOrder: 0
--- !u!114 &114133171416984644
MonoBehaviour:
  m_ObjectHideFlags: 0
  m_CorrespondingSourceObject: {fileID: 0}
  m_PrefabInstance: {fileID: 0}
  m_PrefabAsset: {fileID: 0}
  m_GameObject: {fileID: 1889479306427850}
  m_Enabled: 1
  m_EditorHideFlags: 0
  m_Script: {fileID: 11500000, guid: 74bad6494fd31874cbbc5dceb2cd23cd, type: 3}
  m_Name: 
  m_EditorClassIdentifier: 
  starShader: {fileID: 4800000, guid: b67341e6786b0fe4ca7fe3c395b4140d, type: 3}
  coronaShader: {fileID: 4800000, guid: d5ba833deac3ad74e9febdd7a63a5f69, type: 3}
  simpleCoronaShader: {fileID: 4800000, guid: cb305d364fd131c4696cbfa7078aea5b, type: 3}
  jetShader: {fileID: 4800000, guid: 5cc049623f9293c47b13b3a5e880ff03, type: 3}
  accretionShader: {fileID: 4800000, guid: 521db6891ff76834e8c700f4b5a5a970, type: 3}
  flareMaterial: {fileID: 0}
  accretionDisk: 0
  accretionSegments: 11
  accretionColor2: {r: 1, g: 1, b: 1, a: 0}
  accretionColor1: {r: 1, g: 0, b: 0.8068962, a: 15}
  accretionSpeed: 0.438
  accretionSize: 0.137
  accretionTwist: 1
  accretionInnerRadus: 0
  starMaterial: {fileID: 2100000, guid: 77e10b5fb7b50994c921cae4af04f143, type: 2}
  coronaMateral: {fileID: 2100000, guid: 3fd78de658f3fbc46b1ae51f0ef8c1b9, type: 2}
  _jetMaterial: {fileID: 0}
  jets: 0
  jetHeight: 11.3
  jetSmear: 0.765
  jetWidth: 0.153
  jetSpread: 1
  jetSpeed: 0.359
  jetDensity: 15
  size: 1.68
  color: {r: 0.54608816, g: 0, b: 0.6037736, a: 1}
  singleColor: 0
  color2: {r: 0.2971698, g: 0.35159162, b: 1, a: 0}
  rim: 0.255
  flowSpeed: 0.677
  spots: 0.3
  flareShader: {fileID: 4800000, guid: acb93ef9a598aff45b1c46c9f82b145e, type: 3}
  flareObj: {fileID: 1770604662430440}
  flare: 1
  flareContrast: 0.503
  flareSize: 0.742
  coronaSprites: 1
  simpleCoronaSprites: 0
  coronaParticles: 0
  coronaTrails: 1
  trailsResolution: 1
  particlesDensity: 0.243
  particleSpread: 1
  particleWavesAmplitude: 1
  particleWavesFreq: 0.351
  coronaParticlesSize: 0.21
  coronaDensity: 6
  coronaBrightness: 3.4
  coronaSize: 0.439
  coronaWaves: 0
  coronaRipple: 0.463
  coronaSpeed: 1
  prominenceAmount: 0.571
  prominenceSize: 0.576
  coronaParticlesPrefab: {fileID: 1692661634884570, guid: 506ba855e56a01f459b0bc55e5f50fe3,
    type: 3}
  coronaParticlesComp: {fileID: 0}
  prominence: {fileID: 1197894325908942, guid: d9168b5f480a0da4e8452a9c7616daa0, type: 3}
--- !u!58 &5620895971432241658
CircleCollider2D:
  m_ObjectHideFlags: 0
  m_CorrespondingSourceObject: {fileID: 0}
  m_PrefabInstance: {fileID: 0}
  m_PrefabAsset: {fileID: 0}
  m_GameObject: {fileID: 1889479306427850}
  m_Enabled: 1
  m_Density: 1
  m_Material: {fileID: 0}
  m_IsTrigger: 0
  m_UsedByEffector: 0
  m_UsedByComposite: 0
  m_Offset: {x: 0, y: 0}
  serializedVersion: 2
  m_Radius: 0.5
